%% This BibTeX bibliography file was created using BibDesk.
%% http://bibdesk.sourceforge.net/


%% Created for LÃ©opold Crestel at 2016-08-25 17:00:40 +0200 


%% Saved with string encoding Unicode (UTF-8) 



@article{2016arXiv160607251C,
	Adsnote = {Provided by the SAO/NASA Astrophysics Data System},
	Adsurl = {http://adsabs.harvard.edu/abs/2016arXiv160607251C},
	Archiveprefix = {arXiv},
	Author = {{Colombo}, F. and {Muscinelli}, S.~P. and {Seeholzer}, A. and {Brea}, J. and {Gerstner}, W.},
	Date-Added = {2016-08-25 11:41:14 +0000},
	Date-Modified = {2016-08-25 11:41:14 +0000},
	Eprint = {1606.07251},
	Journal = {ArXiv e-prints},
	Keywords = {Statistics - Machine Learning, Computer Science - Learning},
	Month = jun,
	Primaryclass = {stat.ML},
	Title = {{Algorithmic Composition of Melodies with Deep Recurrent Neural Networks}},
	Year = 2016}

@article{NEEDLEMAN1970443,
	Abstract = {A computer adaptable method for finding similarities in the amino acid sequences of two proteins has been developed. From these findings it is possible to determine whether significant homology exists between the proteins. This information is used to trace their possible evolutionary development. The maximum match is a number dependent upon the similarity of the sequences. One of its definitions is the largest number of amino acids of one protein that can be matched with those of a second protein allowing for all possible interruptions in either of the sequences. While the interruptions give rise to a very large number of comparisons, the method efficiently excludes from consideration those comparisons that cannot contribute to the maximum match. Comparisons are made from the smallest unit of significance, a pair of amino acids, one from each protein. All possible pairs are represented by a two-dimensional array, and all possible comparisons are represented by pathways through the array. For this maximum match only certain of the possible pathways must be evaluated. A numerical value, one in this case, is assigned to every cell in the array representing like amino acids. The maximum match is the largest number that would result from summing the cell values of every pathway.},
	Author = {Saul B. Needleman and Christian D. Wunsch},
	Date-Added = {2016-08-22 18:04:11 +0000},
	Date-Modified = {2016-08-22 18:04:11 +0000},
	Doi = {http://dx.doi.org/10.1016/0022-2836(70)90057-4},
	Issn = {0022-2836},
	Journal = {Journal of Molecular Biology},
	Number = {3},
	Pages = {443 - 453},
	Title = {A general method applicable to the search for similarities in the amino acid sequence of two proteins},
	Url = {http://www.sciencedirect.com/science/article/pii/0022283670900574},
	Volume = {48},
	Year = {1970},
	Bdsk-Url-1 = {http://www.sciencedirect.com/science/article/pii/0022283670900574},
	Bdsk-Url-2 = {http://dx.doi.org/10.1016/0022-2836(70)90057-4}}

@book{Karol-Beffa:2015aa,
	Author = {Karol Beffa, C{\'e}dric Villani},
	Date-Added = {2016-07-19 14:18:05 +0000},
	Date-Modified = {2016-07-19 14:19:05 +0000},
	Publisher = {Flammarion},
	Title = {Les coulisses de la cr{\'e}ation},
	Year = {2015}}

@inproceedings{larochelle2011neural,
	Author = {Larochelle, Hugo and Murray, Iain},
	Booktitle = {International Conference on Artificial Intelligence and Statistics},
	Date-Added = {2015-08-06 22:28:08 +0000},
	Date-Modified = {2015-08-06 22:28:08 +0000},
	Pages = {29--37},
	Title = {The neural autoregressive distribution estimator},
	Year = {2011}}

@article{srivastava2014dropout,
	Author = {Srivastava, Nitish and Hinton, Geoffrey and Krizhevsky, Alex and Sutskever, Ilya and Salakhutdinov, Ruslan},
	Date-Added = {2015-08-05 15:55:38 +0000},
	Date-Modified = {2015-08-05 15:55:38 +0000},
	Journal = {The Journal of Machine Learning Research},
	Number = {1},
	Pages = {1929--1958},
	Publisher = {JMLR. org},
	Title = {Dropout: A simple way to prevent neural networks from overfitting},
	Volume = {15},
	Year = {2014}}

@inproceedings{tieleman2008training,
	Author = {Tieleman, Tijmen},
	Booktitle = {Proceedings of the 25th international conference on Machine learning},
	Date-Added = {2015-08-05 15:47:52 +0000},
	Date-Modified = {2015-08-05 15:47:52 +0000},
	Organization = {ACM},
	Pages = {1064--1071},
	Title = {Training restricted Boltzmann machines using approximations to the likelihood gradient},
	Year = {2008}}

@article{handelman2012automatic,
	Author = {Handelman, Eliot and Sigler, Andie and Donna, David},
	Date-Added = {2015-07-28 00:12:40 +0000},
	Date-Modified = {2015-07-28 00:12:40 +0000},
	Journal = {In Proc. of MUME},
	Pages = {43--48},
	Title = {Automatic orchestration for automatic composition},
	Year = {2012}}

@article{bergstra2012random,
	Author = {Bergstra, James and Bengio, Yoshua},
	Date-Added = {2015-07-27 19:17:03 +0000},
	Date-Modified = {2015-07-27 19:17:03 +0000},
	Journal = {The Journal of Machine Learning Research},
	Number = {1},
	Pages = {281--305},
	Publisher = {JMLR. org},
	Title = {Random search for hyper-parameter optimization},
	Volume = {13},
	Year = {2012}}

@article{DBLP:journals/corr/LiuR14a,
	Author = {I.{-}Ting Liu and Bhiksha Ramakrishnan},
	Bibsource = {dblp computer science bibliography, http://dblp.org},
	Biburl = {http://dblp.uni-trier.de/rec/bib/journals/corr/LiuR14a},
	Date-Added = {2015-07-20 15:14:51 +0000},
	Date-Modified = {2015-07-20 15:14:51 +0000},
	Journal = {CoRR},
	Timestamp = {Thu, 01 Jan 2015 19:51:08 +0100},
	Title = {Bach in 2014: Music Composition with Recurrent Neural Network},
	Url = {http://arxiv.org/abs/1412.3191},
	Volume = {abs/1412.3191},
	Year = {2014},
	Bdsk-Url-1 = {http://arxiv.org/abs/1412.3191}}

@inproceedings{lee2008sparse,
	Author = {Lee, Honglak and Ekanadham, Chaitanya and Ng, Andrew Y},
	Booktitle = {Advances in neural information processing systems},
	Date-Added = {2015-07-01 17:13:17 +0000},
	Date-Modified = {2015-07-01 17:13:17 +0000},
	Pages = {873--880},
	Title = {Sparse deep belief net model for visual area V2},
	Year = {2008}}

@article{poliner2007discriminative,
	Author = {Poliner, Graham E and Ellis, Daniel PW},
	Date-Added = {2015-06-18 14:30:38 +0000},
	Date-Modified = {2015-06-18 14:30:38 +0000},
	Journal = {EURASIP Journal on Applied Signal Processing},
	Number = {1},
	Pages = {154--154},
	Publisher = {Hindawi Publishing Corp.},
	Title = {A discriminative model for polyphonic piano transcription},
	Volume = {2007},
	Year = {2007}}

@incollection{sep-connectionism,
	Author = {Garson, James},
	Booktitle = {The Stanford Encyclopedia of Philosophy},
	Date-Added = {2015-06-18 10:17:58 +0000},
	Date-Modified = {2015-06-18 10:17:58 +0000},
	Edition = {Spring 2015},
	Editor = {Edward N. Zalta},
	Howpublished = {\url{http://plato.stanford.edu/archives/spr2015/entries/connectionism/}},
	Title = {Connectionism},
	Year = {2015}}

@article{rumelhart1988learning,
	Author = {Rumelhart, David E and Hinton, Geoffrey E and Williams, Ronald J},
	Date-Added = {2015-06-16 16:50:39 +0000},
	Date-Modified = {2015-06-16 16:50:39 +0000},
	Journal = {Cognitive modeling},
	Pages = {3},
	Title = {Learning representations by back-propagating errors},
	Volume = {5},
	Year = {1988}}

@article{schmidhuber2015deep,
	Author = {Schmidhuber, J{\"u}rgen},
	Date-Added = {2015-06-16 09:17:56 +0000},
	Date-Modified = {2015-06-16 09:17:56 +0000},
	Journal = {Neural Networks},
	Pages = {85--117},
	Publisher = {Elsevier},
	Title = {Deep learning in neural networks: An overview},
	Volume = {61},
	Year = {2015}}

@article{bengio2013representation,
	Author = {Bengio, Yoshua and Courville, Aaron and Vincent, Pierre},
	Date-Added = {2015-06-16 09:14:27 +0000},
	Date-Modified = {2015-06-16 09:14:27 +0000},
	Journal = {Pattern Analysis and Machine Intelligence, IEEE Transactions on},
	Number = {8},
	Pages = {1798--1828},
	Publisher = {IEEE},
	Title = {Representation learning: A review and new perspectives},
	Volume = {35},
	Year = {2013}}

@inproceedings{lee2009convolutional,
	Author = {Lee, Honglak and Grosse, Roger and Ranganath, Rajesh and Ng, Andrew Y},
	Booktitle = {Proceedings of the 26th Annual International Conference on Machine Learning},
	Date-Added = {2015-06-10 11:40:00 +0000},
	Date-Modified = {2015-06-10 11:40:00 +0000},
	Organization = {ACM},
	Pages = {609--616},
	Title = {Convolutional deep belief networks for scalable unsupervised learning of hierarchical representations},
	Year = {2009}}

@phdthesis{thesis_carpentier,
	Author = {Gr{\'e}goire Carpentier},
	Date-Added = {2015-06-02 09:28:28 +0000},
	Date-Modified = {2015-06-02 09:29:24 +0000},
	School = {IRCAM},
	Title = {Approche computationnelle de l'orchestration musicale : Optimisation multicrit{\`e}re sous contraintes de combinaisons instrumentales dans de grandes banques de sons},
	Year = {2008}}

@article{peeters2011timbre,
	Author = {Peeters, Geoffroy and Giordano, Bruno L and Susini, Patrick and Misdariis, Nicolas and McAdams, Stephen},
	Date-Added = {2015-06-02 09:12:52 +0000},
	Date-Modified = {2015-06-02 09:12:52 +0000},
	Journal = {The Journal of the Acoustical Society of America},
	Number = {5},
	Pages = {2902--2916},
	Publisher = {Acoustical Society of America},
	Title = {The timbre toolbox: Extracting audio descriptors from musical signals},
	Volume = {130},
	Year = {2011}}

@inproceedings{bay2009evaluation,
	Author = {Bay, Mert and Ehmann, Andreas F and Downie, J Stephen},
	Booktitle = {ISMIR},
	Date-Added = {2015-05-26 12:18:08 +0000},
	Date-Modified = {2015-05-26 12:18:08 +0000},
	Pages = {315--320},
	Title = {Evaluation of Multiple-F0 Estimation and Tracking Systems.},
	Year = {2009}}

@article{pachet2001musical,
	Author = {Pachet, Fran{\c{c}}ois and Roy, Pierre},
	Date-Added = {2015-05-25 16:53:12 +0000},
	Date-Modified = {2015-05-25 16:53:12 +0000},
	Journal = {Constraints},
	Number = {1},
	Pages = {7--19},
	Publisher = {Springer},
	Title = {Musical harmonization with constraints: A survey},
	Volume = {6},
	Year = {2001}}

@incollection{Yamanishi:2010aa,
	Author = {Yamanishi, Ryosuke and Akita, Keisuke and Kato, Shohei},
	Booktitle = {Entertainment Computing - ICEC 2010},
	Date-Added = {2015-05-25 16:41:48 +0000},
	Date-Modified = {2015-05-25 16:41:59 +0000},
	Doi = {10.1007/978-3-642-15399-0_49},
	Editor = {Yang, HyunSeung and Malaka, Rainer and Hoshino, Junichi and Han, JungHyun},
	Isbn = {978-3-642-15398-3},
	Keywords = {automated composing; HMM; machine learning; music},
	Language = {English},
	Pages = {425-427},
	Publisher = {Springer Berlin Heidelberg},
	Series = {Lecture Notes in Computer Science},
	Title = {Automated Composing System for Sub-melody Using HMM: A Support System for Composing Music},
	Url = {http://dx.doi.org/10.1007/978-3-642-15399-0_49},
	Volume = {6243},
	Year = {2010},
	Bdsk-Url-1 = {http://dx.doi.org/10.1007/978-3-642-15399-0_49}}

@article{allan2005harmonising,
	Author = {Allan, Moray and Williams, Christopher KI},
	Date-Added = {2015-05-25 16:05:02 +0000},
	Date-Modified = {2015-05-25 16:05:02 +0000},
	Journal = {Advances in neural information processing systems},
	Pages = {25--32},
	Title = {Harmonising chorales by probabilistic inference},
	Volume = {17},
	Year = {2005}}

@article{eck2008learning,
	Author = {Eck, Douglas and Lapalme, Jasmin},
	Date-Added = {2015-05-24 15:42:13 +0000},
	Date-Modified = {2015-05-24 15:42:13 +0000},
	Journal = {University of Montreal, Department of Computer Science, CP},
	Publisher = {Citeseer},
	Title = {Learning musical structure directly from sequences of music},
	Volume = {6128},
	Year = {2008}}

@inproceedings{eck2002finding,
	Author = {Eck, Douglas and Schmidhuber, Juergen},
	Booktitle = {Neural Networks for Signal Processing, 2002. Proceedings of the 2002 12th IEEE Workshop on},
	Date-Added = {2015-05-24 15:39:27 +0000},
	Date-Modified = {2015-05-24 15:39:27 +0000},
	Organization = {IEEE},
	Pages = {747--756},
	Title = {Finding temporal structure in music: Blues improvisation with LSTM recurrent networks},
	Year = {2002}}

@article{pickens2003polyphonic,
	Author = {Pickens, Jeremy and Bello, Juan Pablo and Monti, Giuliano and Sandler, Mark and Crawford, Tim and Dovey, Matthew and Byrd, Don},
	Date-Added = {2015-05-24 11:31:56 +0000},
	Date-Modified = {2015-05-24 11:31:56 +0000},
	Journal = {Journal of New Music Research},
	Number = {2},
	Pages = {223--236},
	Publisher = {Taylor \& Francis},
	Title = {Polyphonic score retrieval using polyphonic audio queries: A harmonic modeling approach},
	Volume = {32},
	Year = {2003}}

@inproceedings{lavrenko2003polyphonic,
	Author = {Lavrenko, Victor and Pickens, Jeremy},
	Booktitle = {Proceedings of the eleventh ACM international conference on Multimedia},
	Date-Added = {2015-05-24 09:59:10 +0000},
	Date-Modified = {2015-05-24 09:59:10 +0000},
	Organization = {ACM},
	Pages = {120--129},
	Title = {Polyphonic music modeling with random fields},
	Year = {2003}}

@inproceedings{salakhutdinov2008quantitative,
	Author = {Salakhutdinov, Ruslan and Murray, Iain},
	Booktitle = {Proceedings of the 25th international conference on Machine learning},
	Date-Added = {2015-05-23 23:27:54 +0000},
	Date-Modified = {2015-05-23 23:27:54 +0000},
	Organization = {ACM},
	Pages = {872--879},
	Title = {On the quantitative analysis of deep belief networks},
	Year = {2008}}

@article{DBLP:journals/corr/abs-1202-3748,
	Author = {Volodymyr Mnih and Hugo Larochelle and Geoffrey E. Hinton},
	Bibsource = {dblp computer science bibliography, http://dblp.org},
	Biburl = {http://dblp.uni-trier.de/rec/bib/journals/corr/abs-1202-3748},
	Date-Added = {2015-05-19 10:02:05 +0000},
	Date-Modified = {2015-05-19 10:02:05 +0000},
	Journal = {CoRR},
	Timestamp = {Wed, 10 Oct 2012 21:28:48 +0200},
	Title = {Conditional Restricted Boltzmann Machines for Structured Output Prediction},
	Url = {http://arxiv.org/abs/1202.3748},
	Volume = {abs/1202.3748},
	Year = {2012},
	Bdsk-Url-1 = {http://arxiv.org/abs/1202.3748}}

@article{2014arXiv1402.3337K,
	Adsnote = {Provided by the SAO/NASA Astrophysics Data System},
	Adsurl = {http://adsabs.harvard.edu/abs/2014arXiv1402.3337K},
	Archiveprefix = {arXiv},
	Author = {{Konda}, K. and {Memisevic}, R. and {Krueger}, D.},
	Date-Added = {2015-05-13 10:01:23 +0000},
	Date-Modified = {2015-05-13 10:01:23 +0000},
	Eprint = {1402.3337},
	Journal = {ArXiv e-prints},
	Keywords = {Statistics - Machine Learning, Computer Science - Computer Vision and Pattern Recognition, Computer Science - Learning, Computer Science - Neural and Evolutionary Computing},
	Month = feb,
	Primaryclass = {stat.ML},
	Title = {{Zero-bias autoencoders and the benefits of co-adapting features}},
	Year = 2014}

@article{2015arXiv150500387S,
	Adsnote = {Provided by the SAO/NASA Astrophysics Data System},
	Adsurl = {http://adsabs.harvard.edu/abs/2015arXiv150500387S},
	Archiveprefix = {arXiv},
	Author = {{Srivastava}, R.~K. and {Greff}, K. and {Schmidhuber}, J.},
	Date-Added = {2015-05-13 10:00:39 +0000},
	Date-Modified = {2015-05-13 10:00:39 +0000},
	Eprint = {1505.00387},
	Journal = {ArXiv e-prints},
	Keywords = {Computer Science - Learning, Computer Science - Neural and Evolutionary Computing, 68T01, I.2.6, G.1.6},
	Month = may,
	Primaryclass = {cs.LG},
	Title = {{Highway Networks}},
	Year = 2015}

@inproceedings{adler:inria-00557021,
	Address = {Prague, Czech Republic},
	Author = {Adler, Amir and Emiya, Valentin and Jafari, Maria, G. and Elad, Michael and Gribonval, R{\'e}mi and Plumbley, Mark D.},
	Booktitle = {{Acoustics, Speech and Signal Processing, IEEE International Conference on (ICASSP 2011)}},
	Date-Added = {2015-04-22 16:49:10 +0000},
	Date-Modified = {2015-04-22 16:49:10 +0000},
	Doi = {10.1109/ICASSP.2011.5946407},
	Hal_Id = {inria-00557021},
	Hal_Version = {v1},
	Month = May,
	Pdf = {https://hal.inria.fr/inria-00557021/file/2011-05-22_ICASSP_declipping.hal.pdf},
	Publisher = {{IEEE}},
	Title = {{A Constrained Matching Pursuit Approach to Audio Declipping}},
	Url = {https://hal.inria.fr/inria-00557021},
	Year = {2011},
	Bdsk-Url-1 = {https://hal.inria.fr/inria-00557021},
	Bdsk-Url-2 = {http://dx.doi.org/10.1109/ICASSP.2011.5946407}}

@misc{Adler_audioinpainting,
	Author = {Amir Adler and Valentin Emiya and Maria G. Jafari and Michael Elad and R{\'e}mi Gribonval and Mark D. Plumbley},
	Date-Added = {2015-04-22 16:48:05 +0000},
	Date-Modified = {2015-04-22 16:48:05 +0000},
	Title = {Audio Inpainting}}

@article{Grossberg:2013,
	Author = {Grossberg, S.},
	Date-Added = {2015-04-22 10:27:57 +0000},
	Date-Modified = {2015-04-22 14:17:04 +0000},
	Journal = Scholarpedia,
	Note = {{revision n138057}},
	Number = 2,
	Pages = 1888,
	Title = {Recurrent neural networks},
	Volume = 8,
	Year = 2013}

@inproceedings{sutskever2011generating,
	Author = {Sutskever, Ilya and Martens, James and Hinton, Geoffrey E},
	Booktitle = {Proceedings of the 28th International Conference on Machine Learning (ICML-11)},
	Date-Added = {2015-04-22 10:13:49 +0000},
	Date-Modified = {2015-04-22 10:13:49 +0000},
	Pages = {1017--1024},
	Title = {Generating text with recurrent neural networks},
	Year = {2011}}

@inproceedings{mnih2007three,
	Author = {Mnih, Andriy and Hinton, Geoffrey},
	Booktitle = {Proceedings of the 24th international conference on Machine learning},
	Date-Added = {2015-04-19 09:55:09 +0000},
	Date-Modified = {2015-04-19 09:55:09 +0000},
	Organization = {ACM},
	Pages = {641--648},
	Title = {Three new graphical models for statistical language modelling},
	Year = {2007}}

@inproceedings{osindero2008modeling,
	Author = {Osindero, Simon and Hinton, Geoffrey E},
	Booktitle = {Advances in neural information processing systems},
	Date-Added = {2015-04-16 09:56:23 +0000},
	Date-Modified = {2015-04-16 09:56:23 +0000},
	Pages = {1121--1128},
	Title = {Modeling image patches with a directed hierarchy of Markov random fields},
	Year = {2008}}

@article{mnih2012conditional,
	Author = {Mnih, Volodymyr and Larochelle, Hugo and Hinton, Geoffrey E},
	Date-Added = {2015-04-16 09:22:54 +0000},
	Date-Modified = {2015-04-16 09:22:54 +0000},
	Journal = {arXiv preprint arXiv:1202.3748},
	Title = {Conditional restricted boltzmann machines for structured output prediction},
	Year = {2012}}

@inproceedings{sutskever2010convergence,
	Author = {Sutskever, Ilya and Tieleman, Tijmen},
	Booktitle = {International Conference on Artificial Intelligence and Statistics},
	Date-Added = {2015-04-16 09:10:08 +0000},
	Date-Modified = {2015-04-16 09:10:08 +0000},
	Pages = {789--795},
	Title = {On the convergence properties of contrastive divergence},
	Year = {2010}}

@techreport{rumelhart1985learning,
	Author = {Rumelhart, David E and Hinton, Geoffrey E and Williams, Ronald J},
	Date-Added = {2015-04-14 23:00:15 +0000},
	Date-Modified = {2015-04-14 23:00:15 +0000},
	Institution = {DTIC Document},
	Title = {Learning internal representations by error propagation},
	Year = {1985}}

@article{bickerman2010learning,
	Author = {Bickerman, Greg and Bosley, Sam and Swire, Peter and Keller, Robert M},
	Date-Added = {2015-04-14 19:25:37 +0000},
	Date-Modified = {2015-04-14 19:25:37 +0000},
	Title = {Learning to create jazz melodies using deep belief nets},
	Year = {2010}}

@inproceedings{hamel2010learning,
	Author = {Hamel, Philippe and Eck, Douglas},
	Booktitle = {ISMIR},
	Date-Added = {2015-04-14 19:02:11 +0000},
	Date-Modified = {2015-04-14 19:02:11 +0000},
	Organization = {Utrecht, The Netherlands},
	Pages = {339--344},
	Title = {Learning Features from Music Audio with Deep Belief Networks.},
	Year = {2010}}

@article{tymoczko2006geometry,
	Author = {Tymoczko, Dmitri},
	Date-Added = {2015-04-14 18:19:50 +0000},
	Date-Modified = {2015-04-14 18:19:50 +0000},
	Journal = {Science},
	Number = {5783},
	Pages = {72--74},
	Publisher = {American Association for the Advancement of Science},
	Title = {The geometry of musical chords},
	Volume = {313},
	Year = {2006}}

@misc{maresz_interview,
	Author = {Yan Maresz},
	Date-Added = {2015-04-14 14:59:17 +0000},
	Date-Modified = {2015-04-14 15:02:06 +0000},
	Month = {November},
	Title = {Pour un trait{\'e} d'orchestration au XXIe si{\`e}cle},
	Url = {http://etincelle.ircam.fr/652.html},
	Year = {2006},
	Bdsk-Url-1 = {http://etincelle.ircam.fr/652.html}}

@book{messiaen_ryth,
	Author = {Olivier Messiaen},
	Date-Added = {2015-04-14 14:56:12 +0000},
	Date-Modified = {2015-04-14 14:57:24 +0000},
	Publisher = {Leduc},
	Title = {Trait{\'e} de rythme, de couleur et d'ornithologie},
	Year = {1949-1992}}

@book{koechlin_harm,
	Author = {Charles Koechlin},
	Date-Added = {2015-04-14 14:48:04 +0000},
	Date-Modified = {2015-04-14 14:49:00 +0000},
	Publisher = {Max Eschig},
	Title = {Trait{\'e} de l'harmonie},
	Year = {1923-26}}

@book{rameau_harm,
	Author = {Jean-Philippe Rameau},
	Date-Added = {2015-04-14 14:44:51 +0000},
	Date-Modified = {2015-04-14 14:45:37 +0000},
	Title = {Trait{\'e} de l'harmonie r{\'e}duite {\`a} ses principes naturels},
	Year = {1722}}

@book{adler2002study,
	Author = {Adler, Samuel},
	Date-Added = {2015-04-14 14:26:41 +0000},
	Date-Modified = {2015-04-14 14:26:41 +0000},
	Publisher = {WW Norton},
	Title = {The Study of Orchestration--3rd Edition},
	Year = {2002}}

@book{koechli_orch,
	Author = {Charles Koechlin},
	Date-Added = {2015-04-14 14:20:35 +0000},
	Date-Modified = {2015-04-14 14:22:15 +0000},
	Publisher = {{\'E}ditions Max Eschig},
	Title = {Trait{\'e} de l'orchestration},
	Year = {1941}}

@book{berlioz_orch,
	Author = {Hector Berlioz},
	Date-Added = {2015-04-14 14:15:30 +0000},
	Date-Modified = {2015-04-14 14:19:17 +0000},
	Publisher = {Schonenberger},
	Title = {Grand trait{\'e} d'instrumentation et d'orchestration modernes},
	Year = {1844}}

@article{hinton2010practical,
	Author = {Hinton, Geoffrey},
	Date-Added = {2015-04-13 14:22:28 +0000},
	Date-Modified = {2015-04-13 14:22:28 +0000},
	Journal = {Momentum},
	Number = {1},
	Pages = {926},
	Title = {A practical guide to training restricted Boltzmann machines},
	Volume = {9},
	Year = {2010}}

@phdthesis{taylor2009composable,
	Author = {Taylor, Graham William},
	Date-Added = {2015-04-08 16:18:37 +0000},
	Date-Modified = {2015-04-08 16:18:37 +0000},
	School = {University of Toronto},
	Title = {Composable, distributed-state models for high-dimensional time series},
	Year = {2009}}

@article{langkvist2014review,
	Author = {L{\"a}ngkvist, Martin and Karlsson, Lars and Loutfi, Amy},
	Date-Added = {2015-04-08 13:19:08 +0000},
	Date-Modified = {2015-04-08 13:19:08 +0000},
	Journal = {Pattern Recognition Letters},
	Pages = {11--24},
	Publisher = {Elsevier},
	Title = {A review of unsupervised feature learning and deep learning for time-series modeling},
	Volume = {42},
	Year = {2014}}

@phdthesis{sutskever2013training,
	Author = {Sutskever, Ilya},
	Date-Added = {2015-04-07 15:09:54 +0000},
	Date-Modified = {2015-04-07 15:09:54 +0000},
	School = {University of Toronto},
	Title = {Training recurrent neural networks},
	Year = {2013}}

@inproceedings{sutskever2009recurrent,
	Author = {Sutskever, Ilya and Hinton, Geoffrey E and Taylor, Graham W},
	Booktitle = {Advances in Neural Information Processing Systems},
	Date-Added = {2015-04-07 15:05:53 +0000},
	Date-Modified = {2015-04-07 15:05:53 +0000},
	Pages = {1601--1608},
	Title = {The recurrent temporal restricted boltzmann machine},
	Year = {2009}}

@inproceedings{nair2010rectified,
	Author = {Nair, Vinod and Hinton, Geoffrey E},
	Booktitle = {Proceedings of the 27th International Conference on Machine Learning (ICML-10)},
	Date-Added = {2015-04-01 17:32:33 +0000},
	Date-Modified = {2015-04-01 17:32:33 +0000},
	Pages = {807--814},
	Title = {Rectified linear units improve restricted boltzmann machines},
	Year = {2010}}

@inproceedings{taylor2009factored,
	Author = {Taylor, Graham W and Hinton, Geoffrey E},
	Booktitle = {Proceedings of the 26th annual international conference on machine learning},
	Date-Added = {2015-04-01 13:27:15 +0000},
	Date-Modified = {2015-04-01 13:27:15 +0000},
	Organization = {ACM},
	Pages = {1025--1032},
	Title = {Factored conditional restricted Boltzmann machines for modeling motion style},
	Year = {2009}}

@article{Mnih:2015aa,
	Author = {Mnih, Volodymyr and Kavukcuoglu, Koray and Silver, David and Rusu, Andrei A. and Veness, Joel and Bellemare, Marc G. and Graves, Alex and Riedmiller, Martin and Fidjeland, Andreas K. and Ostrovski, Georg and Petersen, Stig and Beattie, Charles and Sadik, Amir and Antonoglou, Ioannis and King, Helen and Kumaran, Dharshan and Wierstra, Daan and Legg, Shane and Hassabis, Demis},
	Date = {2015/02/26/print},
	Date-Added = {2015-03-30 09:47:59 +0000},
	Date-Modified = {2015-03-30 09:47:59 +0000},
	Day = {26},
	Isbn = {0028-0836},
	Journal = {Nature},
	L3 = {10.1038/nature14236; http://www.nature.com/nature/journal/v518/n7540/abs/nature14236.html#supplementary-information},
	M3 = {Letter},
	Month = {02},
	Number = {7540},
	Pages = {529--533},
	Publisher = {Nature Publishing Group, a division of Macmillan Publishers Limited. All Rights Reserved.},
	Title = {Human-level control through deep reinforcement learning},
	Ty = {JOUR},
	Url = {http://dx.doi.org/10.1038/nature14236},
	Volume = {518},
	Year = {2015},
	Bdsk-Url-1 = {http://dx.doi.org/10.1038/nature14236}}

@article{fischer2014training,
	Author = {Fischer, Asja and Igel, Christian},
	Date-Added = {2015-03-27 09:59:37 +0000},
	Date-Modified = {2015-03-27 09:59:37 +0000},
	Journal = {Pattern Recognition},
	Number = {1},
	Pages = {25--39},
	Publisher = {Elsevier},
	Title = {Training restricted Boltzmann machines: An introduction},
	Volume = {47},
	Year = {2014}}

@article{lecun1998gradient,
	Author = {LeCun, Yann and Bottou, L{\'e}on and Bengio, Yoshua and Haffner, Patrick},
	Date-Added = {2015-03-25 16:29:46 +0000},
	Date-Modified = {2015-03-25 16:29:46 +0000},
	Journal = {Proceedings of the IEEE},
	Number = {11},
	Pages = {2278--2324},
	Publisher = {IEEE},
	Title = {Gradient-based learning applied to document recognition},
	Volume = {86},
	Year = {1998}}

@webpage{toolboMatlab_rasmus,
	Date-Added = {2015-03-24 11:04:10 +0000},
	Date-Modified = {2015-03-24 11:04:40 +0000},
	Lastchecked = {24 March 2015},
	Url = {https://github.com/rasmusbergpalm/DeepLearnToolbox},
	Bdsk-Url-1 = {https://github.com/rasmusbergpalm/DeepLearnToolbox}}

@webpage{site_web_UFLDL,
	Date-Added = {2015-03-24 10:48:13 +0000},
	Date-Modified = {2015-03-24 10:53:25 +0000},
	Keywords = {Web site of the tutorial about auto-encoder from Stanford},
	Lastchecked = {24-03-2015},
	Url = {http://ufldl.stanford.edu/wiki/index.php/UFLDL_Tutorial},
	Bdsk-Url-1 = {http://ufldl.stanford.edu/wiki/index.php/UFLDL_Tutorial}}

@article{bengio2007greedy,
	Author = {Bengio, Yoshua and Lamblin, Pascal and Popovici, Dan and Larochelle, Hugo and others},
	Date-Added = {2015-03-24 10:35:01 +0000},
	Date-Modified = {2015-03-24 10:35:01 +0000},
	Journal = {Advances in neural information processing systems},
	Pages = {153},
	Publisher = {MIT; 1998},
	Title = {Greedy layer-wise training of deep networks},
	Volume = {19},
	Year = {2007}}

@article{hinton2006reducing,
	Author = {Hinton, Geoffrey E and Salakhutdinov, Ruslan R},
	Date-Added = {2015-03-24 10:26:05 +0000},
	Date-Modified = {2015-03-24 10:26:05 +0000},
	Journal = {Science},
	Number = {5786},
	Pages = {504--507},
	Publisher = {American Association for the Advancement of Science},
	Title = {Reducing the dimensionality of data with neural networks},
	Volume = {313},
	Year = {2006}}

@article{Hinton:2006:FLA:1161603.1161605,
	Acmid = {1161605},
	Address = {Cambridge, MA, USA},
	Author = {Hinton, Geoffrey E. and Osindero, Simon and Teh, Yee-Whye},
	Date-Added = {2015-03-24 10:09:47 +0000},
	Date-Modified = {2015-03-24 10:09:47 +0000},
	Doi = {10.1162/neco.2006.18.7.1527},
	Issn = {0899-7667},
	Issue_Date = {July 2006},
	Journal = {Neural Comput.},
	Month = jul,
	Number = {7},
	Numpages = {28},
	Pages = {1527--1554},
	Publisher = {MIT Press},
	Title = {A Fast Learning Algorithm for Deep Belief Nets},
	Url = {http://dx.doi.org/10.1162/neco.2006.18.7.1527},
	Volume = {18},
	Year = {2006},
	Bdsk-Url-1 = {http://dx.doi.org/10.1162/neco.2006.18.7.1527}}

@mastersthesis{IMM2012-06284,
	Author = {R. B. Palm},
	Date-Added = {2015-03-20 14:20:11 +0000},
	Date-Modified = {2015-03-20 14:20:11 +0000},
	Title = {Prediction as a candidate for learning deep hierarchical models of data},
	Year = {2012}}

@phdthesis{eslingthesis,
	Author = {Philippe Esling},
	Date-Added = {2015-03-12 09:08:36 +0000},
	Date-Modified = {2015-05-29 16:14:31 +0000},
	School = {IRCAM},
	Title = {Multiobjective time series matching and classification},
	Year = {2012}}

@inproceedings{yonebayashi2007automatic,
	Author = {Yonebayashi, Yuichiro and Kameoka, Hirokazu and Sagayama, Shigeki},
	Booktitle = {IJCAI},
	Date-Added = {2015-03-06 16:35:12 +0000},
	Date-Modified = {2015-03-06 16:35:12 +0000},
	Pages = {2915--2921},
	Title = {Automatic Decision of Piano Fingering Based on a Hidden Markov Models.},
	Year = {2007}}

@proceedings{HMM_multivariate,
	Author = {Eita Nakamura, Nobutaha Ono, Yasuyuki Saito and Shigeki Sagayama},
	Date-Added = {2015-03-05 13:54:54 +0000},
	Date-Modified = {2015-03-05 13:56:43 +0000},
	Journal = {ICMC},
	Title = {Merged-output hidden markov model for score following of MIDI performance with ornaments, desynchronized voices, repeats and skips},
	Year = {2014}}

@mastersthesis{Pilte2014Etude-de-la-res,
	Author = {Marion Pilt{\'e}},
	Date-Added = {2015-03-02 20:09:40 +0100},
	Date-Modified = {2015-03-02 19:12:09 +0000},
	Month = {Ao{\^u}t},
	School = {IRCAM},
	Title = {Etude de la r{\'e}solution de probl{\`e}mes sous contraintes pour l'aide {\`a} l'orchestration},
	Year = {2014}}

@article{Jerome-Nika2014Improvisation-m,
	Author = {J{\'e}r{\^o}me Nika, Marc Chemillier},
	Date-Added = {2015-03-02 16:43:34 +0100},
	Date-Modified = {2015-03-02 16:45:32 +0100},
	Journal = {Technique et science informatiques},
	Month = {August},
	Pages = {651-684},
	Title = {Improvisation musicale homme-machine guid{\'e}e par un sc{\'e}nario temporel},
	Volume = {7},
	Year = {2014}}

@article{allen1983maintaining,
	Author = {Allen, James F},
	Journal = {Communications of the ACM},
	Number = {11},
	Pages = {832--843},
	Publisher = {ACM},
	Title = {Maintaining knowledge about temporal intervals},
	Volume = {26},
	Year = {1983}}

@article{allen1981interval,
	Author = {Allen, James F},
	Journal = {IJCAI},
	Pages = {221--226},
	Title = {An Interval-Based Representation of Temporal Knowledge.},
	Volume = {81},
	Year = {1981}}

@inproceedings{bacchus1995forward,
	Author = {Bacchus, Fahiem and Grove, Adam},
	Booktitle = {Principles and Practice of Constraint Programming---CP'95},
	Date-Added = {2015-02-19 19:50:04 +0100},
	Date-Modified = {2015-02-19 19:50:04 +0100},
	Organization = {Springer},
	Pages = {292--309},
	Title = {On the forward checking algorithm},
	Year = {1995}}

@other{Bartak_online,
	Author = {Roman Bartak},
	Date-Added = {2015-02-19 18:12:28 +0100},
	Date-Modified = {2015-02-19 18:14:00 +0100},
	Lastchecked = {18 February 2015},
	Title = {Constraint Programming},
	Urldate = {http://ktiml.mff.cuni.cz/~bartak/constraints/}}

@article{bengio2009learning,
	Author = {Bengio, Yoshua},
	Date-Added = {2015-02-26 16:42:01 +0100},
	Date-Modified = {2015-04-22 13:49:39 +0000},
	Journal = {Foundations and trends in Machine Learning},
	Number = {1},
	Pages = {1--127},
	Publisher = {Now Publishers Inc.},
	Title = {Learning deep architectures for AI},
	Volume = {2},
	Year = {2009}}

@book{Berlioz1994,
	Author = {Hector Berlioz},
	Date-Modified = {2015-04-14 14:20:09 +0000},
	Editor = {Jo{\^I}l-Marie Fauquet},
	Owner = {Leo},
	Publisher = {Le Casor astral},
	Timestamp = {2015.02.13},
	Title = {De l'instrumentation},
	Year = {1841}}

@article{boulanger2012modeling,
	Author = {Boulanger-Lewandowski, Nicolas and Bengio, Yoshua and Vincent, Pascal},
	Date-Added = {2015-02-25 18:05:29 +0100},
	Date-Modified = {2015-02-25 18:05:29 +0100},
	Journal = {arXiv preprint arXiv:1206.6392},
	Title = {Modeling temporal dependencies in high-dimensional sequences: Application to polyphonic music generation and transcription},
	Year = {2012}}

@article{di2003local,
	Author = {Di Gaspero, Luca and Schaerf, Andrea and Cadoli, Marco and Slany, Wolfgang and Falaschi, Moreno},
	Journal = {Dipartimento di Matematica e Informatica--Universit{\`a} degli Studi di Udine},
	Title = {Local search techniques for scheduling problems: Algorithms and software tools},
	Year = {2003}}

@mastersthesis{Esling2009,
	Author = {Philippe Esling},
	Owner = {Leo},
	School = {IRCAM},
	Timestamp = {2015.01.19},
	Title = {Orchestration musical dynamique},
	Year = {2009}}

@unpublished{Esling2009Orchestration-:,
	Author = {Philippe Esling},
	Date-Added = {2015-02-18 15:18:54 +0100},
	Date-Modified = {2015-02-18 15:20:10 +0100},
	Title = {Orchestration : open perspectives and questions for future research.},
	Year = {2009}}

@article{esling2013multiobjective,
	Author = {Esling, Philippe and Agon, Carlos},
	Date-Added = {2015-02-24 15:38:16 +0100},
	Date-Modified = {2015-02-24 15:38:16 +0100},
	Journal = {Audio, Speech, and Language Processing, IEEE Transactions on},
	Number = {10},
	Pages = {2057--2072},
	Publisher = {IEEE},
	Title = {Multiobjective time series matching for audio classification and retrieval},
	Volume = {21},
	Year = {2013}}

@article{Esling2012,
	Author = {Esling, Philippe and Agon, Carlos},
	Journal = {ACM Computing Surveys},
	Number = {1},
	Publisher = {Association},
	Title = {Time series data mining},
	Volume = {45},
	Year = {2012}}

@inproceedings{esling2010composition,
	Author = {Esling, Philippe and Agon, Carlos},
	Booktitle = {International Computer Music Conference},
	Date-Added = {2015-02-20 11:19:17 +0100},
	Date-Modified = {2015-02-20 11:19:17 +0100},
	Title = {Composition of sound mixtures with spectral maquettes},
	Year = {2010}}

@article{Esling2010,
	Author = {Esling, Philippe and Carpentier, Gr\'{e}goire and Agon, Carlos},
	Journal = {Applications of Evolutionary Computation},
	Owner = {Leo},
	Pages = {371--380},
	Publisher = {Springer},
	Timestamp = {2015.01.19},
	Title = {Dynamic Musical Orchestration Using Genetic Algorithms and a Spectro-Temporal Description of Musical Instruments},
	Year = {2010}}

@inproceedings{henz1996compoze,
	Author = {Henz, Martin and Lauer, Stefan and Zimmermann, Detlev},
	Booktitle = {Tools with Artificial Intelligence, 1996., Proceedings Eighth IEEE International Conference on},
	Date-Added = {2015-02-19 12:55:52 +0100},
	Date-Modified = {2015-02-19 12:55:52 +0100},
	Organization = {IEEE},
	Pages = {118--121},
	Title = {COMPOzE-intention-based music composition through constraint programming},
	Year = {1996}}

@article{kondrak1997theoretical,
	Author = {Kondrak, Grzegorz and Van Beek, Peter},
	Journal = {Artificial Intelligence},
	Number = {1},
	Pages = {365--387},
	Publisher = {Elsevier},
	Title = {A theoretical evaluation of selected backtracking algorithms},
	Volume = {89},
	Year = {1997}}

@inproceedings{lhomme2005fast,
	Author = {Lhomme, Olivier and R{\'e}gin, Jean-Charles},
	Booktitle = {AAAI},
	Pages = {405--410},
	Title = {A fast arc consistency algorithm for n-ary constraints},
	Year = {2005}}

@mastersthesis{Mannone2013,
	Author = {Maria Caterina Mannone},
	Owner = {Leo},
	School = {IRCAM},
	Timestamp = {2015.01.19},
	Title = {S\'{e}gmentation des series temporelles pour l'orchestration automatique},
	Year = {2013}}

@inproceedings{mcadams2013timbre,
	Author = {McAdams, Stephen},
	Booktitle = {Proceedings of Meetings on Acoustics},
	Date-Added = {2015-02-20 12:32:18 +0100},
	Date-Modified = {2015-02-20 12:32:18 +0100},
	Number = {1},
	Organization = {Acoustical Society of America},
	Pages = {035050},
	Title = {Timbre as a structuring force in music},
	Volume = {19},
	Year = {2013}}

@mastersthesis{NG2014,
	Author = {Henri NG},
	Owner = {Leo},
	School = {IRCAM},
	Timestamp = {2015.01.27},
	Title = {Inf\'{e}rence de connaissances signal symboliques \`{a} partir de s\'{e}ries temporelles multivari\'{e}es pour l'orchestration musicale},
	Year = {2014}}

@article{tardieu2012perception,
	Author = {Tardieu, Damien and McAdams, Stephen},
	Date-Added = {2015-02-23 14:59:02 +0100},
	Date-Modified = {2015-02-23 14:59:02 +0100},
	Journal = {Music Perception},
	Number = {2},
	Pages = {117--128},
	Publisher = {JSTOR},
	Title = {Perception of dyads of impulsive and sustained instrument sounds},
	Volume = {30},
	Year = {2012}}

@inproceedings{tardieu2007instrument,
	Author = {Tardieu, Damien and Rodet, Xavier},
	Booktitle = {Applications of Signal Processing to Audio and Acoustics, 2007 IEEE Workshop on},
	Date-Added = {2015-02-24 18:13:41 +0100},
	Date-Modified = {2015-02-24 18:13:41 +0100},
	Organization = {IEEE},
	Pages = {347--350},
	Title = {An instrument timbre model for computer aided orchestration},
	Year = {2007}}

@article{truchet2004contraintes,
	Author = {Truchet, Charlotte},
	Date-Added = {2015-02-19 19:45:58 +0100},
	Date-Modified = {2015-02-19 19:45:58 +0100},
	Journal = {Unpublished doctoral dissertation, Universit{\'e} Paris},
	Title = {Contraintes, recherche locale et composition assist{\'e}e par ordinateur},
	Year = {2004}}

@book{Truchet2011Constraint-Prog,
	Author = {Charlotte Truchet and Gerard Assayag},
	Date-Added = {2015-02-18 15:37:42 +0100},
	Date-Modified = {2015-02-18 15:39:11 +0100},
	Month = {May},
	Publisher = {Wiley},
	Title = {Constraint Programming in Music},
	Year = {2011}}

@inproceedings{truchet2001visual,
	Author = {Truchet, Charlotte and Assayag, G{\'e}rard and Codognet, Philippe},
	Booktitle = {proc. ICMC},
	Date-Added = {2015-02-19 12:57:31 +0100},
	Date-Modified = {2015-02-19 12:57:31 +0100},
	Organization = {Citeseer},
	Title = {Visual and adaptive constraint programming in music},
	Year = {2001}}

@other{deeplearning_RBM,
	Date-Added = {2015-02-26 17:23:38 +0100},
	Date-Modified = {2015-02-26 17:25:15 +0100},
	Title = {http://deeplearning.net/tutorial/rbm.html},
	Urldate = {2015-02-26}}

@misc{DOSIM,
	Howpublished = {\url{http://www.dosimmusic.com/index.html}},
	Note = {Accessed: 2015-01-27},
	Title = {\textit{DOSIM :} Digital Orchestration Simulator}}
